<record><leader>00000cas a22000007a 4500</leader><controlfield tag="001">14762388</controlfield><controlfield tag="008">861118d19831983pauwr ne      0    0eng d</controlfield><datafield ind1=" " ind2=" " tag="010"><subfield code="a">sn 86082004 </subfield></datafield><datafield ind1=" " ind2=" " tag="040"><subfield code="a">NPH</subfield><subfield code="b">eng</subfield><subfield code="c">NPH</subfield><subfield code="d">UPM</subfield><subfield code="d">OCLCQ</subfield><subfield code="d">DLC</subfield><subfield code="d">OCLCF</subfield></datafield><datafield ind1=" " ind2=" " tag="042"><subfield code="a">msc</subfield></datafield><datafield ind1=" " ind2=" " tag="043"><subfield code="a">n-us-pa</subfield></datafield><datafield ind1="0" ind2="4" tag="245"><subfield code="a">The Fulton County journal the Fulton democrat.</subfield></datafield><datafield ind1=" " ind2=" " tag="260"><subfield code="a">McConnellsburg, Pa. :</subfield><subfield code="b">Fulton Democrat Pub.,</subfield><subfield code="c">1983.</subfield></datafield><datafield ind1=" " ind2=" " tag="300"><subfield code="a">1 v. :</subfield><subfield code="b">ill. ;</subfield><subfield code="c">58 cm.</subfield></datafield><datafield ind1=" " ind2=" " tag="310"><subfield code="a">Weekly</subfield></datafield><datafield ind1="0" ind2=" " tag="362"><subfield code="a">Vol. 131, no. 26 (June 29, 1983).</subfield></datafield><datafield ind1=" " ind2="0" tag="651"><subfield code="a">McConnellsburg (Pa.)</subfield><subfield code="v">Newspapers.</subfield></datafield><datafield ind1=" " ind2="7" tag="655"><subfield code="a">Newspapers.</subfield><subfield code="2">fast</subfield><subfield code="0">(OCoLC)fst01423814</subfield></datafield><datafield ind1=" " ind2="7" tag="651"><subfield code="a">Pennsylvania</subfield><subfield code="z">McConnellsburg.</subfield><subfield code="2">fast</subfield><subfield code="0">(OCoLC)fst01223747</subfield></datafield><datafield ind1=" " ind2=" " tag="752"><subfield code="a">United States</subfield><subfield code="b">Pennsylvania</subfield><subfield code="c">Fulton</subfield><subfield code="d">McConnellsburg.</subfield></datafield><datafield ind1="0" ind2="0" tag="780"><subfield code="t">Fulton County journal</subfield><subfield code="w">(DLC)sn 86082003</subfield></datafield><datafield ind1="0" ind2="4" tag="785"><subfield code="t">Fulton County news (McConnellsburg, Pa.)</subfield><subfield code="x">2327-6770</subfield><subfield code="w">(DLC)sn 86081889</subfield><subfield code="w">(OCoLC)14408945</subfield></datafield></record>